<record><leader>00000cas a22000007a 4500</leader><controlfield tag="001">17795784</controlfield><controlfield tag="008">880415c198u9999gaucx ne      0   a0eng d</controlfield><datafield ind1=" " ind2=" " tag="010"><subfield code="a">sn 88000663 </subfield></datafield><datafield ind1=" " ind2=" " tag="040"><subfield code="a">NSD</subfield><subfield code="b">eng</subfield><subfield code="c">NSD</subfield><subfield code="d">OCLCQ</subfield></datafield><datafield ind1=" " ind2=" " tag="012"><subfield code="m">1</subfield></datafield><datafield ind1="1" ind2=" " tag="022"><subfield code="a">0898-3712</subfield><subfield code="l">0898-3712</subfield><subfield code="2">1</subfield></datafield><datafield ind1="1" ind2=" " tag="029"><subfield code="a">AU@</subfield><subfield code="b">000045355954</subfield></datafield><datafield ind1=" " ind2=" " tag="032"><subfield code="a">035500</subfield><subfield code="b">USPS</subfield></datafield><datafield ind1=" " ind2=" " tag="037"><subfield code="b">Athens Daily News and Athens Banner-Herald, P.O. Box 912, Athens, GA 30613</subfield></datafield><datafield ind1=" " ind2=" " tag="042"><subfield code="a">nsdp</subfield></datafield><datafield ind1=" " ind2="0" tag="222"><subfield code="a">Athens daily news, Athens banner-herald</subfield></datafield><datafield ind1="0" ind2="0" tag="245"><subfield code="a">Athens daily news, Athens banner-herald.</subfield></datafield><datafield ind1="1" ind2="3" tag="246"><subfield code="a">Athens daily news and Athens banner-herald</subfield></datafield><datafield ind1="1" ind2="3" tag="246"><subfield code="a">Athens banner-herald and Athens daily news</subfield></datafield><datafield ind1=" " ind2=" " tag="260"><subfield code="a">Athens, Ga. :</subfield><subfield code="b">Athens Newspapers, Inc.</subfield></datafield><datafield ind1=" " ind2=" " tag="300"><subfield code="a">v.</subfield></datafield><datafield ind1=" " ind2=" " tag="310"><subfield code="a">Semiweekly (and some holidays)</subfield></datafield><datafield ind1=" " ind2=" " tag="588"><subfield code="a">Description based on: Vol. 21, no. 15 (Mar. 19, 1988).</subfield></datafield><datafield ind1=" " ind2=" " tag="752"><subfield code="a">United States</subfield><subfield code="b">Georgia</subfield><subfield code="c">Clarke</subfield><subfield code="d">Athens.</subfield></datafield><datafield ind1="0" ind2="0" tag="780"><subfield code="t">Banner-herald/the daily news</subfield><subfield code="x">0745-9904</subfield><subfield code="w">(DLC)sn 83007887</subfield></datafield></record>